@incollection{gackenheimer2015react,
  title={What Is React?},
  author={Gackenheimer, Cory},
  booktitle={Introduction to React},
  pages={1--20},
  year={2015},
  publisher={Springer}
}

@OTHER{threeprinciplesredux,
  title={React - Three Principles},
  month = {5},
  year = {2017},
  howpublished="\url{http://redux.js.org/docs/introduction/ThreePrinciples.html}",
  note = {Online - Aufgerufen am 23.05.2017 }
}

@OTHER{StorybooksOnline,
  title = {Storybook - UI dev environment you'll love to use},
  month = {5},
  year = {2017},
  howpublished = "\url{https://storybooks.js.org/}",
  note = {Online - Aufgerufen am 23.05.2017 }
}

@BOOK{Haverbeke201412,
  title={Eloquent JavaScript: A Modern Introduction to Programming},
  author={Marijn Haverbeke},
  publisher={No Starch Press},
  year={2014},
  month={12},
  edition={2},
  isbn={9781593275846},
  url={http://amazon.com/o/ASIN/1593275846/},
  price={$39.95},
  totalpages={472},
  timestamp={2017.05.21},
}

@article{lindgaard2006attention,
  title={Attention web designers: You have 50 milliseconds to make a good first impression!},
  author={Lindgaard, Gitte and Fernandes, Gary and Dudek, Cathy and Brown, Judith},
  journal={Behaviour \& information technology},
  volume={25},
  number={2},
  pages={115--126},
  year={2006},
  publisher={Taylor \& Francis}
}

@article{campbell1996fitting,
  title={A fitting approach to interactive service design: The importance of emotional needs},
  author={Campbell, Arnold and Pisterman, Susan},
  journal={Design Management Journal (Former Series)},
  volume={7},
  number={4},
  pages={10--14},
  year={1996},
  publisher={Wiley Online Library}
}

@article{nickerson1998confirmation,
  title={Confirmation bias: A ubiquitous phenomenon in many guises.},
  author={Nickerson, Raymond S},
  journal={Review of general psychology},
  volume={2},
  number={2},
  pages={175},
  year={1998},
  publisher={Educational Publishing Foundation}
}

@article{tractinsky2006evaluating,
  title={Evaluating the consistency of immediate aesthetic perceptions of web pages},
  author={Tractinsky, Noam and Cokhavi, Avivit and Kirschenbaum, Moti and Sharfi, Tal},
  journal={International journal of human-computer studies},
  volume={64},
  number={11},
  pages={1071--1083},
  year={2006},
  publisher={Elsevier}
}

@article{tractinsky2000beautiful,
  title={What is beautiful is usable},
  author={Tractinsky, Noam and Katz, Adi S and Ikar, Dror},
  journal={Interacting with computers},
  volume={13},
  number={2},
  pages={127--145},
  year={2000},
  publisher={Elsevier}
}
