@article{borges2015popularity,
  title={On the popularity of GitHub applications: A preliminary note},
  author={Borges, Hudson and Valente, Marco Tulio and Hora, Andre and Coelho, Jailton},
  journal={arXiv preprint arXiv:1507.00604},
  year={2015}
}
